@article{Weil_2017,
  title        = {Electromagnetic decays of the neutral pion},
  author       = {Weil, Esther and Eichmann, Gernot and Fischer, Christian S. and Williams, Richard},
  journal      = {Physical Review D},
  volume       = {96},
  number       = {1},
  year         = {2017},
  month        = jul,
  publisher    = {American Physical Society (APS)},
  doi          = {10.1103/PhysRevD.96.014021},
  url          = {http://dx.doi.org/10.1103/PhysRevD.96.014021},
  issn         = {2470-0029}
}

@misc{pasayten_neutral_pion,
  title        = {Neutral Pion — The Field Guide to Particle Physics},
  author       = {Pasayten Institute},
  year         = {2023},
  url          = {https://pasayten.org/the-field-guide-to-particle-physics/neutral-pion},
  note         = {Accessed: 2025-04-09}
}

@misc{wikipedia_pion,
  title        = {Pion — Wikipedia, the free encyclopedia},
  author       = {{Wikipedia contributors}},
  year         = {2025},
  url          = {https://en.wikipedia.org/wiki/Pion},
  note         = {Accessed: 2025-04-09}
}

@misc{pdg_neutrino_types,
  title        = {API},
  author       = {Particle Data Group},
  note         = {Accessed: 2025-04-09}
}

@phdthesis{cern_thesis_2013,
  title        = {Study of neutral pion production in high energy proton-proton collisions at the LHC},
  author       = {Zimmermann, Simon},
  year         = {2013},
  school       = {University of Heidelberg},
  type         = {PhD Thesis},
  url          = {https://cds.cern.ch/record/1750933/files/CERN-THESIS-2013-330.pdf}
}

@book{thomson,
  title     = {Modern Particle Physics},
  author    = {Thomson, Mark},
  year      = {2013},
  publisher = {Cambridge University Press},
  isbn      = {9781107034266},
  url       = {https://doi.org/10.1017/CBO9781139525367}
}

@book{griffiths2008introduction,
  title     = {Introduction to Elementary Particles},
  author    = {Griffiths, David J.},
  year      = {2008},
  edition   = {2},
  publisher = {Wiley-VCH},
  isbn      = {9783527406012}
}